<record><leader>00000cas a22000007a 4500</leader><controlfield tag="001">9841313</controlfield><controlfield tag="008">830824d18621866nyuwr ne      0    0eng d</controlfield><datafield ind1=" " ind2=" " tag="010"><subfield code="a">sn 83031349 </subfield></datafield><datafield ind1=" " ind2=" " tag="040"><subfield code="a">NPU</subfield><subfield code="b">eng</subfield><subfield code="c">NPU</subfield><subfield code="d">NPX</subfield><subfield code="d">NYG</subfield><subfield code="d">NYS</subfield><subfield code="d">OCL</subfield><subfield code="d">OCLCF</subfield><subfield code="d">OCLCO</subfield></datafield><datafield ind1="1" ind2=" " tag="029"><subfield code="a">AU@</subfield><subfield code="b">000020227138</subfield></datafield><datafield ind1=" " ind2=" " tag="042"><subfield code="a">msc</subfield></datafield><datafield ind1="0" ind2=" " tag="130"><subfield code="a">Newburgh weekly telegraph (Newburgh, N.Y. : 1862)</subfield></datafield><datafield ind1="0" ind2="0" tag="245"><subfield code="a">Newburgh weekly telegraph.</subfield></datafield><datafield ind1="0" ind2="3" tag="246"><subfield code="a">Newburgh telegraph</subfield></datafield><datafield ind1=" " ind2=" " tag="260"><subfield code="a">Newburgh, N.Y. :</subfield><subfield code="b">Eugene W. Gray,</subfield><subfield code="c">1862-1866.</subfield></datafield><datafield ind1=" " ind2=" " tag="300"><subfield code="a">5 v. ;</subfield><subfield code="c">66 cm.</subfield></datafield><datafield ind1=" " ind2=" " tag="310"><subfield code="a">Weekly</subfield></datafield><datafield ind1="0" ind2=" " tag="362"><subfield code="a">Vol. 33, no. 17 (Feb. 27, 1862)-v. 8, no. 2 (Jan. 10, 1866).</subfield></datafield><datafield ind1=" " ind2=" " tag="500"><subfield code="a">"Weekly" appears above title ornament in small type, &lt;1862&gt;.</subfield></datafield><datafield ind1=" " ind2=" " tag="500"><subfield code="a">Publisher: L.V. Montanye, &lt;1865&gt;-1866.</subfield></datafield><datafield ind1=" " ind2="0" tag="651"><subfield code="a">Newburgh (N.Y.)</subfield><subfield code="v">Newspapers.</subfield></datafield><datafield ind1=" " ind2="7" tag="655"><subfield code="a">Newspapers.</subfield><subfield code="2">fast</subfield><subfield code="0">(OCoLC)fst01423814</subfield></datafield><datafield ind1=" " ind2="7" tag="651"><subfield code="a">New York (State)</subfield><subfield code="z">Newburgh.</subfield><subfield code="2">fast</subfield><subfield code="0">(OCoLC)fst01215294</subfield></datafield><datafield ind1=" " ind2=" " tag="752"><subfield code="a">United States</subfield><subfield code="b">New York</subfield><subfield code="c">Orange</subfield><subfield code="d">Newburgh.</subfield></datafield><datafield ind1="0" ind2=" " tag="775"><subfield code="t">Newburgh daily telegraph (Newburgh, N.Y. : 1862)</subfield><subfield code="w">(DLC)sn 83031462</subfield><subfield code="w">(OCoLC)9857834</subfield></datafield><datafield ind1="0" ind2="0" tag="780"><subfield code="t">Newburgh telegraph and weekly news</subfield><subfield code="w">(DLC)sn 83031348</subfield><subfield code="w">(OCOLC)9841281</subfield></datafield><datafield ind1="0" ind2="0" tag="785"><subfield code="t">Newburgh telegraph (Newburgh, N.Y. : 1866)</subfield><subfield code="w">(DLC)sn 83031436</subfield><subfield code="w">(OCoLC)9845392</subfield></datafield></record>